@article{fama1997,
  title={Industry costs of equity},
  author={Fama, Eugene F and French, Kenneth R},
  journal={Journal of financial economics},
  volume={43},
  number={2},
  pages={153--193},
  year={1997},
  publisher={Elsevier}
}


@article{grinold2000,
  title={Active portfolio management},
  author={Grinold, Richard C and Kahn, Ronald N},
  year={2000},
  publisher={McGraw Hill New York, NY}
}


  @Manual{Texevier,
    title = {{Texevier}: {P}ackage to create Elsevier templates for Rmarkdown},
    author = {N.F. Katzke},
    organization = {Bureau for Economic Research},
    address = {Stellenbosch, South Africa},
    note = {version 0.1.2},
    year = {2017},
  }

@misc{sprintmedical_bmr_2022,
  author       = {Keerthana A P},
  title        = {Basal Metabolic Rate (BMR): How to find Normal BMR Range},
  howpublished = {\url{https://sprintmedical.in/blog/basal-metabolic-rate}},
  year         = {2022},
  month        = dec,
  day          = {08},
  note         = {Reviewed by medical professionals; medical citations and factâ€‘checked},
}